%----------------------------------------------------------------------------------------
%	Introduction
%----------------------------------------------------------------------------------------

@online{SmartphoneOSMarketShare,
  author = {IDC},
  title = {Worldwide Smartphone OS Market Share},
  year = {2017},
  url = {https://www.idc.com/promo/smartphone-market-share/vendor},
  urldate = {2018-04-22}
}

@online{AndroidMonthlyActiveUsers,
  author = {Google},
  title = {Android Monthly Active Users},
  year = {2017},
  url = {https://twitter.com/Google/status/864890655906070529},
  urldate = {2018-04-22}
}

@online{GoogleLatitude,
  author = {},
  title = {Google Latitude},
  year = {2018},
  url = {https://en.wikipedia.org/wiki/Google_Latitude},
  urldate = {2018-04-22}
}

@online{SnapchatMap,
  author = {Dani Deahl},
  title = {Snapchat’s newest feature is also its biggest privacy threat},
  year = {2017},
  url = {https://www.theverge.com/2017/6/23/15864552/snapchat-snap-map-privacy-threat},
  urldate = {2018-04-22}
}

@online{TimelineAnnouncement,
  author = {Gerard Sanz, Product Manager},
  title = {Your Timeline: Revisiting the world that you’ve explored},
  year = {2015},
  url = {https://maps.googleblog.com/2015/07/your-timeline-revisiting-world-that.html},
  urldate = {2018-04-22}
}

%----------------------------------------------------------------------------------------
%	Just as examples
%----------------------------------------------------------------------------------------

@BOOK{UnderstandingVideoGames,
  TITLE = {Understanding Video Games},
  SUBTITLE = {The Essential Introduction},
  AUTHOR = {Simon Egenfeldt-Nielsen, Jonas Heide Smith, Susana Pajares Tosca},
  YEAR = {2015},
  PUBLISHER = {Routledge},
}

@online{Tetris,
  author = {},
  title = {Tetris},
  year = {},
  url = {https://en.wikipedia.org/wiki/Tetris},
  urldate = {2017-12-15}
}